@misc{mbed,
	title	={ARM Mbed OS is a platform operating system designed for the internet of things},
	url	={https://github.com/ARMmbed/mbed-os},
	organization={ARM},
	urlaccessdate={1 jul. 2018}}
	
@misc{eigen,
	title	={Eigen},
	url	={http://eigen.tuxfamily.org/index.php?title=Main_Page},
	organization={Eigen},
	urlaccessdate={1 jul. 2018}}
	
@misc{xbeelib,
	title	={Library to easily communicate with XBee modules},
	url	={https://os.mbed.com/teams/Digi-International-Inc/code/XBeeLib/},
	organization={ARM},
	urlaccessdate={1 jul. 2018}}

@misc{minimu,
	title	={MinIMU-9 v5 Gyro, Accelerometer, and Compass},
	url	={https://www.pololu.com/product/2738},
	organization={Pololu},
	urlaccessdate={1 jul. 2018}}
	
@misc{matplotlib,
	title	={Python plotting},
	url	={https://matplotlib.org/},
	organization={matplotlib},
	urlaccessdate={1 jul. 2018}}
	
@misc{scipy,
	title	={Scipy},
	url	={https://www.scipy.org/},
	organization={scipy},
	urlaccessdate={1 jul. 2018}}

@book{siegwart2004introduction,
  title={Introduction to Autonomous Mobile Robots},
  author={Siegwart, R. and Nourbakhsh, I.R.},
  isbn={9780262195027},
  lccn={2003059349},
  series={A Bradford book},
  url={https://books.google.com.br/books?id=gUbQ9\_weg88C},
  year={2004},
  publisher={Bradford Book}
}

@inproceedings{wan2000unscented,
  title={The unscented Kalman filter for nonlinear estimation},
  author={Wan, Eric A and Van Der Merwe, Rudolph},
  booktitle={Adaptive Systems for Signal Processing, Communications, and Control Symposium 2000. AS-SPCC. The IEEE 2000},
  pages={153--158},
  year={2000},
  organization={Ieee}
}

@misc{vsss_robot,
  author = {Thiago Henrique},
  title = {VSSS-Robot},
  year = {2018},
  publisher = {GitHub},
  journal = {GitHub repository},
  howpublished = {\url{https://github.com/PEQUI-MEC/VSSS-Robot}}
}

